<?xml version="1.0" encoding="UTF-8"?><record xmlns="http://www.loc.gov/MARC21/slim" xmlns:cinclude="http://apache.org/cocoon/include/1.0" xmlns:zs="http://www.loc.gov/zing/srw/">
  <leader>00442nz  a2200133n  4500</leader>
  <controlfield tag="001">no2006027635</controlfield>
  <controlfield tag="003">DLC</controlfield>
  <controlfield tag="005">20060319110503.0</controlfield>
  <controlfield tag="008">060318n| acannaabn          |n ana     c</controlfield>
  <datafield tag="010" ind1=" " ind2=" ">
    <subfield code="a">no2006027635</subfield>
  </datafield>
  <datafield tag="035" ind1=" " ind2=" ">
    <subfield code="a">(OCoLC)oca06885861</subfield>
  </datafield>
  <datafield tag="040" ind1=" " ind2=" ">
    <subfield code="a">ViVb</subfield>
    <subfield code="b">eng</subfield>
    <subfield code="c">ViVb</subfield>
  </datafield>
  <datafield tag="110" ind1="2" ind2=" ">
    <subfield code="a">American Academy of Matrimonial Lawyers.</subfield>
    <subfield code="b">Virginia Chapter</subfield>
  </datafield>
  <datafield tag="670" ind1=" " ind2=" ">
    <subfield code="a">Annual divorce practice seminar, c2006:</subfield>
    <subfield code="b">t.p. (American Academy of Matrimonial Lawyers, Virginia Chapter)</subfield>
  </datafield>
</record>